@inproceedings{baah2010causal,
  title={Causal inference for statistical fault localization},
  author={Baah, George K and Podgurski, Andy and Harrold, Mary Jean},
  booktitle={Proceedings of the 19th international symposium on Software testing and analysis},
  pages={73--84},
  year={2010},
  organization={ACM}
}

@inproceedings{jones2002visualization,
  title={Visualization of test information to assist fault localization},
  author={Jones, James A and Harrold, Mary Jean and Stasko, John},
  booktitle={Proceedings of the 24th international conference on Software engineering},
  pages={467--477},
  year={2002},
  organization={ACM}
}

@inproceedings{abreu2007accuracy,
  title={On the accuracy of spectrum-based fault localization},
  author={Abreu, Rui and Zoeteweij, Peter and Van Gemund, Arjan JC},
  booktitle={Testing: Academic and Industrial Conference Practice and Research Techniques-MUTATION, 2007. TAICPART-MUTATION 2007},
  pages={89--98},
  year={2007},
  organization={IEEE}
}

@misc{pearl2000models,
  title={Models, reasoning and inference},
  author={Pearl, Judea and others},
  year={2000},
  publisher={Cambridge: Cambridge University Press}
}

@article{ball1993s,
  title={What's in a region?: or computing control dependence regions in near-linear time for reducible control flow},
  author={Ball, Thomas},
  journal={ACM Letters on Programming Languages and Systems (LOPLAS)},
  volume={2},
  number={1-4},
  pages={1--16},
  year={1993},
  publisher={ACM}
}

@inproceedings{baah2011mitigating,
  title={Mitigating the confounding effects of program dependences for effective fault localization},
  author={Baah, George K and Podgurski, Andy and Harrold, Mary Jean},
  booktitle={Proceedings of the 19th ACM SIGSOFT symposium and the 13th European conference on Foundations of software engineering},
  pages={146--156},
  year={2011},
  organization={ACM}
}

@article{ferrante1987program,
  title={The program dependence graph and its use in optimization},
  author={Ferrante, Jeanne and Ottenstein, Karl J and Warren, Joe D},
  journal={ACM Transactions on Programming Languages and Systems (TOPLAS)},
  volume={9},
  number={3},
  pages={319--349},
  year={1987},
  publisher={ACM}
}

@article{hernan2006estimating,
  title={Estimating causal effects from epidemiological data},
  author={Hern{\'a}n, Miguel A and Robins, James M},
  journal={Journal of epidemiology and community health},
  volume={60},
  number={7},
  pages={578--586},
  year={2006},
  publisher={BMJ Publishing Group Ltd}
}

@article{westreich2010invited,
  title={Invited commentary: positivity in practice},
  author={Westreich, Daniel and Cole, Stephen R},
  journal={American journal of epidemiology},
  pages={kwp436},
  year={2010},
  publisher={Oxford Univ Press}
}

@article{petersen2010diagnosing,
  title={Diagnosing and responding to violations in the positivity assumption},
  author={Petersen, Maya L and Porter, Kristin E and Gruber, Susan and Wang, Yue and van der Laan, Mark J},
  journal={Statistical Methods in Medical Research},
  pages={0962280210386207},
  year={2010},
  publisher={SAGE Publications}
}

@book{johnson1992applied,
  title={Applied multivariate statistical analysis},
  author={Johnson, Richard Arnold and Wichern, Dean W and others},
  volume={4},
  year={1992},
  publisher={Prentice hall Englewood Cliffs, NJ}
}

@article{wold1984collinearity,
  title={The collinearity problem in linear regression. The partial least squares (PLS) approach to generalized inverses},
  author={Wold, Svante and Ruhe, Arnold and Wold, Herman and Dunn, III, WJ},
  journal={SIAM Journal on Scientific and Statistical Computing},
  volume={5},
  number={3},
  pages={735--743},
  year={1984},
  publisher={SIAM}
}

@article{hernan2004definition,
  title={A definition of causal effect for epidemiological research},
  author={Hernan, MA},
  journal={Journal of Epidemiology and Community Health},
  volume={58},
  number={4},
  pages={265--271},
  year={2004},
  publisher={BMJ Publishing Group Ltd}
}

@inproceedings{shu2013javapdg,
  title={Javapdg: A new platform for program dependence analysis},
  author={Shu, Gang and Sun, Boya and Henderson, Tim AD and Podgurski, Andy},
  booktitle={Software Testing, Verification and Validation (ICST), 2013 IEEE Sixth International Conference on},
  pages={408--415},
  year={2013},
  organization={IEEE}
}

@misc{ASM,
  title = {ASM Framework Available},
  howpublished = {\url{http://asm.ow2.org/}},
}

@misc{Nanoxml,
  title = {Nanoxml},
  howpublished = {\url{http://nanoxml.sourceforge.net/orig/index.html}},
}

@misc{SIR,
  title = {SIR},
  howpublished = {\url{http://sir.unl.edu/portal/index.php}},
}

@misc{Rome,
  title = {Rome},
  howpublished = {\url{https://java.net/projects/rome/sources}},
}

@misc{Xerces2,
  title = {Xerces2},
  howpublished = {\url{http://projects.apache.org/projects/xerces_for_java_xml_parser.html}},
}

@inproceedings{gore2012reducing,
  title={Reducing confounding bias in predicate-level statistical debugging metrics},
  author={Gore, Ross and Reynolds Jr, Paul F},
  booktitle={Proceedings of the 34th International Conference on Software Engineering},
  pages={463--473},
  year={2012},
  organization={IEEE Press}
}

@inproceedings{shu2013mfl,
  title={Mfl: Method-level fault localization with causal inference},
  author={Shu, Gang and Sun, Boya and Podgurski, Andy and Cao, Feng},
  booktitle={Software Testing, Verification and Validation (ICST), 2013 IEEE Sixth International Conference on},
  pages={124--133},
  year={2013},
  organization={IEEE}
}

@article{wang2006diagnosing,
  title={Diagnosing bias in the inverse probability of treatment weighted estimator resulting from violation of experimental treatment assignment},
  author={Wang, Yue and Petersen, Maya L and Bangsberg, David and van der Laan, Mark J},
  year={2006},
  publisher={bepress}
}

@misc{crump2006moving,
  title={Moving the goalposts: Addressing limited overlap in the estimation of average treatment effects by changing the estimand},
  author={Crump, Richard and Hotz, V Joseph and Imbens, Guido and Mitnik, Oscar},
  year={2006},
  publisher={National Bureau of Economic Research Cambridge, Mass., USA}
}

@article{bembom2008data,
  title={Data-adaptive selection of the adjustment set in variable importance estimation},
  author={Bembom, Oliver and Fessel, Jeffrey W and Shafer, Robert W and van der Laan, Mark J},
  year={2008},
  publisher={bepress}
}


