%% chapter 1: introduction



@article{costa2014big,
  title={Big data in biomedicine},
  author={Costa, Fabricio F},
  journal={Drug discovery today},
  volume={19},
  number={4},
  pages={433--440},
  year={2014},
  publisher={Elsevier}
}

@article{shah2012coming,
  title={The coming age of data-driven medicine: translational bioinformatics' next frontier},
  author={Shah, Nigam H and Tenenbaum, Jessica D},
  journal={Journal of the American Medical Informatics Association},
  volume={19},
  number={e1},
  pages={e2--e4},
  year={2012},
  publisher={BMJ Publishing Group Ltd}
}





@article{bellazzi2011data,
  title={Data analysis and data mining: current issues in biomedical informatics},
  author={Bellazzi, Riccardo and Diomidous, Marianna and Sarkar, Indra Neil and Takabayashi, Katsuhiko and Ziegler, Andreas and McCray, Alexa T and others},
  journal={Methods of information in medicine},
  volume={50},
  number={6},
  pages={536},
  year={2011}
}

@article{humphreys1998unified,
  title={The Unified Medical Language System An Informatics Research Collaboration},
  author={Humphreys, Betsy L and Lindberg, Donald AB and Schoolman, Harold M and Barnett, G Octo},
  journal={Journal of the American Medical Informatics Association},
  volume={5},
  number={1},
  pages={1--11},
  year={1998},
  publisher={BMJ Publishing Group Ltd}
}

@article{armato2004lung,
  title={Lung image database consortium: Developing a resource for the medical imaging research community 1},
  author={Armato III, Samuel G and McLennan, Geoffrey and McNitt-Gray, Michael F and Meyer, Charles R and Yankelevitz, David and Aberle, Denise R and Henschke, Claudia I and Hoffman, Eric A and Kazerooni, Ella A and MacMahon, Heber and others},
  journal={Radiology},
  volume={232},
  number={3},
  pages={739--748},
  year={2004},
  publisher={Radiological Society of North America}
}

@article{keator2008national,
  title={A national human neuroimaging collaboratory enabled by the Biomedical Informatics Research Network (BIRN)},
  author={Keator, David B and Grethe, Jeffrey S and Marcus, D and Ozyurt, B and Gadde, Syam and Murphy, Sean and Pieper, Steve and Greve, D and Notestine, R and Bockholt, H Jeremy and others},
  journal={Information Technology in Biomedicine, IEEE Transactions on},
  volume={12},
  number={2},
  pages={162--172},
  year={2008},
  publisher={IEEE}
}

@misc{adma,
  author = {A.D.A.M.},
  howpublished = {\url{http://www.adam.com/}},
  note = {Accessed: 2012}
}

@misc{who,
	author  = {World Health Organization. World malaria report 2013. [online]},
	howpublished = {\url{http://www.who.int/malaria/publications/world\_malaria\_report\_2013/en/}},
    note = {Accessed: 2014}
}

@article{rosse2003reference,
  title={A reference ontology for biomedical informatics: the Foundational Model of Anatomy},
  author={Rosse, Cornelius and Mejino, Jos{\'e} LV},
  journal={Journal of biomedical informatics},
  volume={36},
  number={6},
  pages={478--500},
  year={2003},
  publisher={Elsevier}
}

@article{slee1978international,
  title={The International classification of diseases: ninth revision (ICD-9)},
  author={Slee, Vergil N},
  journal={Annals of internal medicine},
  volume={88},
  number={3},
  pages={424--426},
  year={1978},
  publisher={Am Coll Physicians}
}

@article{liu2005rxnorm,
  title={RxNorm: prescription for electronic drug information exchange},
  author={Liu, Simon and Ma, Wei and Moore, Robin and Ganesan, Vikraman and Nelson, Stuart},
  journal={IT professional},
  volume={7},
  number={5},
  pages={17--23},
  year={2005},
  publisher={IEEE}
}

@article{Plenge,
  title={Validating therapeutic targets through human genetics},
  author={Plenge, Robert M and Scolnick, Edward M and Altshuler, David},
  journal={Nature Reviews Drug Discovery},
  volume={12},
  number={8},
  pages={581--594},
  year={2013},
  publisher={Nature Publishing Group}
}

@article{Hurle,
  title={Computational drug repositioning: from data to therapeutics},
  author={Hurle, MR and Yang, L and Xie, Q and Rajpal, DK and Sanseau, P and Agarwal, P},
  journal={Clinical Pharmacology \& Therapeutics},
  volume={93},
  number={4},
  pages={335--341},
  year={2013},
  publisher={Wiley Online Library}
}

@article{barabasi2011network,
  title={Network medicine: a network-based approach to human disease},
  author={Barab{\'a}si, Albert-L{\'a}szl{\'o} and Gulbahce, Natali and Loscalzo, Joseph},
  journal={Nature Reviews Genetics},
  volume={12},
  number={1},
  pages={56--68},
  year={2011},
  publisher={Nature Publishing Group}
}


@article{Tiffin,
  title={Linking genes to diseases: it's all in the data},
  author={Tiffin, Nicki and Andrade-Navarro, Miguel A and Perez-Iratxeta, Carolina},
  journal={Genome Med},
  volume={1},
  number={8},
  pages={77},
  year={2009},
}

@article{Piro,
  title={Computational approaches to disease-gene prediction: rationale, classification and successes},
  author={Piro, Rosario M and Di Cunto, Ferdinando},
  journal={FEBS Journal},
  volume={279},
  number={5},
  pages={678--696},
  year={2012},
  publisher={Wiley Online Library}
}




@article{kohler2008walking,
  title={Walking the interactome for prioritization of candidate disease genes},
  author={K{\"o}hler, Sebastian and Bauer, Sebastian and Horn, Denise and Robinson, Peter N},
  journal={The American Journal of Human Genetics},
  volume={82},
  number={4},
  pages={949--958},
  year={2008},
  publisher={Elsevier}
}

@article{Xu,
  title={Discovering disease-genes by topological features in human protein--protein interaction network},
  author={Xu, Jianzhen and Li, Yongjin},
  journal={Bioinformatics},
  volume={22},
  number={22},
  pages={2800--2805},
  year={2006},
  publisher={Oxford Univ Press}
}

@article{franke2006reconstruction,
  title={Reconstruction of a functional human gene network, with an application for prioritizing positional candidate genes},
  author={Franke, Lude and Van Bakel, Harm and Fokkens, Like and De Jong, Edwin D and Egmont-Petersen, Michael and Wijmenga, Cisca},
  journal={The American Journal of Human Genetics},
  volume={78},
  number={6},
  pages={1011--1025},
  year={2006},
  publisher={Elsevier}
}


@article{aerts2006gene,
  title={Gene prioritization through genomic data fusion},
  author={Aerts, Stein and Lambrechts, Diether and Maity, Sunit and Van Loo, Peter and Coessens, Bert and De Smet, Frederik and Tranchevent, Leon-Charles and De Moor, Bart and Marynen, Peter and Hassan, Bassem and others},
  journal={Nature biotechnology},
  volume={24},
  number={5},
  pages={537--544},
  year={2006},
  publisher={Nature Publishing Group}
}

@article{lage2007human,
  title={A human phenome-interactome network of protein complexes implicated in genetic disorders},
  author={Lage, Kasper and Karlberg, E Olof and St{\o}rling, Zenia M and Olason, P{\'a}ll I and Pedersen, Anders G and Rigina, Olga and Hinsby, Anders M and T{\"u}mer, Zeynep and Pociot, Flemming and Tommerup, Niels and others},
  journal={Nature biotechnology},
  volume={25},
  number={3},
  pages={309--316},
  year={2007},
  publisher={Nature Publishing Group}
}

@article{wu2008network,
  title={Network-based global inference of human disease genes},
  author={Wu, Xuebing and Jiang, Rui and Zhang, Michael Q and Li, Shao},
  journal={Molecular systems biology},
  volume={4},
  number={1},
  year={2008},
  publisher={Wiley Online Library}
}

@article{li2010genome,
  title={Genome-wide inferring gene--phenotype relationship by walking on the heterogeneous network},
  author={Li, Yongjin and Patra, Jagdish C},
  journal={Bioinformatics},
  volume={26},
  number={9},
  pages={1219--1224},
  year={2010},
  publisher={Oxford Univ Press}
}


@article{wu2009align,
  title={Align human interactome with phenome to identify causative genes and networks underlying disease families},
  author={Wu, Xuebing and Liu, Qifang and Jiang, Rui},
  journal={Bioinformatics},
  volume={25},
  number={1},
  pages={98--104},
  year={2009},
  publisher={Oxford Univ Press}
}

@article{vanunu2010associating,
  title={Associating genes and protein complexes with disease via network propagation},
  author={Vanunu, Oron and Magger, Oded and Ruppin, Eytan and Shlomi, Tomer and Sharan, Roded},
  journal={PLoS computational biology},
  volume={6},
  number={1},
  pages={e1000641},
  year={2010},
  publisher={Public Library of Science}
}


@article{hwang2012co,
  title={Co-clustering phenome--genome for phenotype classification and disease gene discovery},
  author={Hwang, TaeHyun and Atluri, Gowtham and Xie, MaoQiang and Dey, Sanjoy and Hong, Changjin and Kumar, Vipin and Kuang, Rui},
  journal={Nucleic acids research},
  volume={40},
  number={19},
  pages={e146--e146},
  year={2012},
  publisher={Oxford Univ Press}
}

@article{brunner2004syndrome,
  title={From syndrome families to functional genomics},
  author={Brunner, Han G and Van Driel, Marc A},
  journal={Nature Reviews Genetics},
  volume={5},
  number={7},
  pages={545--551},
  year={2004},
  publisher={Nature Publishing Group}
}

@article{oti2008phenome,
  title={Phenome connections},
  author={Oti, Martin and Huynen, Martijn A and Brunner, Han G},
  journal={Trends in genetics},
  volume={24},
  number={3},
  pages={103--106},
  year={2008},
  publisher={Elsevier}
}

@article{houle2010phenomics,
  title={Phenomics: the next challenge},
  author={Houle, David and Govindaraju, Diddahally R and Omholt, Stig},
  journal={Nature Reviews Genetics},
  volume={11},
  number={12},
  pages={855--866},
  year={2010},
  publisher={Nature Publishing Group}
}



@article{blair2013nondegenerate,
  title={A nondegenerate code of deleterious variants in Mendelian loci contributes to complex disease risk},
  author={Blair, David R and Lyttle, Christopher S and Mortensen, Jonathan M and Bearden, Charles F and Jensen, Anders Boeck and Khiabanian, Hossein and Melamed, Rachel and Rabadan, Raul and Bernstam, Elmer V and Brunak, S{\o}ren and others},
  journal={Cell},
  volume={155},
  number={1},
  pages={70--80},
  year={2013},
  publisher={Elsevier}
}

@article{avery2011phenomics,
  title={A phenomics-based strategy identifies loci on APOC1, BRAP, and PLCG1 associated with metabolic syndrome phenotype domains},
  author={Avery, Christy L and He, Qianchuan and North, Kari E and Ambite, Jose L and Boerwinkle, Eric and Fornage, Myriam and Hindorff, Lucia A and Kooperberg, Charles and Meigs, James B and Pankow, James S and others},
  journal={PLoS genetics},
  volume={7},
  number={10},
  pages={e1002322},
  year={2011},
  publisher={Public Library of Science}
}

@article{rzhetsky2007probing,
  title={Probing genetic overlap among complex human phenotypes},
  author={Rzhetsky, Andrey and Wajngurt, David and Park, Naeun and Zheng, Tian},
  journal={Proceedings of the National Academy of Sciences},
  volume={104},
  number={28},
  pages={11694--11699},
  year={2007},
  publisher={National Acad Sciences}
}

@article{park2009impact,
  title={The impact of cellular networks on disease comorbidity},
  author={Park, Juyong and Lee, Deok-Sun and Christakis, Nicholas A and Barab{\'a}si, Albert-L{\'a}szl{\'o}},
  journal={Molecular systems biology},
  volume={5},
  number={1},
  year={2009},
  publisher={Wiley Online Library}
}

@article{hidalgo2009dynamic,
  title={A dynamic network approach for the study of human phenotypes},
  author={Hidalgo, C{\'e}sar A and Blumm, Nicholas and Barab{\'a}si, Albert-L{\'a}szl{\'o} and Christakis, Nicholas A},
  journal={PLoS computational biology},
  volume={5},
  number={4},
  pages={e1000353},
  year={2009},
  publisher={Public Library of Science}
}

@article{roque2011using,
  title={Using electronic patient records to discover disease correlations and stratify patient cohorts},
  author={Roque, Francisco S and Jensen, Peter B and Schmock, Henriette and Dalgaard, Marlene and Andreatta, Massimo and Hansen, Thomas and S{\o}eby, Karen and Bredkj{\ae}r, S{\o}ren and Juul, Anders and Werge, Thomas and others},
  journal={PLoS computational biology},
  volume={7},
  number={8},
  pages={e1002141},
  year={2011},
  publisher={Public Library of Science}
}

@article{chen2014mining,
  title={Mining Cancer-Specific Disease Comorbidities from a Large Observational Health Database},
  author={Chen, Yang and Xu, Rong},
  journal={Cancer informatics},
  volume={13},
  number={Suppl 1},
  pages={37},
  year={2014},
  publisher={Libertas Academica}
}


@article{campillos2008drug,
  title={Drug target identification using side-effect similarity},
  author={Campillos, Monica and Kuhn, Michael and Gavin, Anne-Claude and Jensen, Lars Juhl and Bork, Peer},
  journal={Science},
  volume={321},
  number={5886},
  pages={263--266},
  year={2008},
  publisher={American Association for the Advancement of Science}
}

@article{dudley2011computational,
  title={Computational repositioning of the anticonvulsant topiramate for inflammatory bowel disease},
  author={Dudley, Joel T and Sirota, Marina and Shenoy, Mohan and Pai, Reetesh K and Roedder, Silke and Chiang, Annie P and Morgan, Alex A and Sarwal, Minnie M and Pasricha, Pankaj Jay and Butte, Atul J},
  journal={Science translational medicine},
  volume={3},
  number={96},
  pages={96ra76--96ra76},
  year={2011},
  publisher={American Association for the Advancement of Science}
}

@article{gottlieb2011predict,
  title={PREDICT: a method for inferring novel drug indications with application to personalized medicine},
  author={Gottlieb, Assaf and Stein, Gideon Y and Ruppin, Eytan and Sharan, Roded},
  journal={Molecular systems biology},
  volume={7},
  number={1},
  year={2011},
  publisher={Wiley Online Library}
}

@article{sanseau2012use,
  title={Use of genome-wide association studies for drug repositioning},
  author={Sanseau, Philippe and Agarwal, Pankaj and Barnes, Michael R and Pastinen, Tomi and Richards, J Brent and Cardon, Lon R and Mooser, Vincent},
  journal={Nature biotechnology},
  volume={30},
  number={4},
  pages={317--320},
  year={2012},
  publisher={Nature Publishing Group}
}

@article{wang2013rational,
  title={Rational drug repositioning by medical genetics},
  author={Wang, Zhong-Yi and Zhang, Hong-Yu},
  journal={Nature biotechnology},
  volume={31},
  number={12},
  pages={1080--1082},
  year={2013},
  publisher={Nature Publishing Group}
}

@article{olanow2009scientific,
  title={The scientific and clinical basis for the treatment of Parkinson disease (2009)},
  author={Olanow, C Warren and Stern, Matthew B and Sethi, Kapil},
  journal={Neurology},
  volume={72},
  number={21 Supplement 4},
  pages={S1--S136},
  year={2009},
  publisher={AAN Enterprises}
}

@article{brown2012towards,
  title={Towards an encyclopaedia of mammalian gene function: the International Mouse Phenotyping Consortium},
  author={Brown, Steve DM and Moore, Mark W},
  journal={Disease models \& mechanisms},
  volume={5},
  number={3},
  pages={289--292},
  year={2012},
  publisher={The Company of Biologists Limited}
}

%% chapter 2
@article{datta2008image,
  title={Image retrieval: Ideas, influences, and trends of the new age},
  author={Datta, Ritendra and Joshi, Dhiraj and Li, Jia and Wang, James Z},
  journal={ACM Computing Surveys (CSUR)},
  volume={40},
  number={2},
  pages={5},
  year={2008},
  publisher={ACM}
}

@article{chapelle1999support,
  title={Support vector machines for histogram-based image classification},
  author={Chapelle, Olivier and Haffner, Patrick and Vapnik, Vladimir N},
  journal={Neural Networks, IEEE Transactions on},
  volume={10},
  number={5},
  pages={1055--1064},
  year={1999},
  publisher={IEEE}
}


@article{li2008real,
  title={Real-time computerized annotation of pictures},
  author={Li, Jia and Wang, James Ze},
  journal={Pattern Analysis and Machine Intelligence, IEEE Transactions on},
  volume={30},
  number={6},
  pages={985--1002},
  year={2008},
  publisher={IEEE}
}

@inproceedings{feng2004bootstrapping,
  title={A bootstrapping framework for annotating and retrieving WWW images},
  author={Feng, Huamin and Shi, Rui and Chua, Tat-Seng},
  booktitle={Proceedings of the 12th annual ACM international conference on Multimedia},
  pages={960--967},
  year={2004},
  organization={ACM}
}

@inproceedings{tong2001support,
  title={Support vector machine active learning for image retrieval},
  author={Tong, Simon and Chang, Edward},
  booktitle={Proceedings of the ninth ACM international conference on Multimedia},
  pages={107--118},
  year={2001},
  organization={ACM}
}

@article{deserno2009content,
  title={Content-based image retrieval for scientific literature access},
  author={Deserno, Thomas M and Antani, Sameer and Rodney Long, L},
  journal={Methods of information in medicine},
  volume={48},
  number={4},
  pages={371},
  year={2009}
}

@inproceedings{muller2012overview,
  title={Overview of the ImageCLEF 2012 Medical Image Retrieval and Classification Tasks.},
  author={M{\"u}ller, Henning and de Herrera, Alba Garcia Seco and Kalpathy-Cramer, Jayashree and Demner-Fushman, Dina and Antani, Sameer and Eggel, Ivan},
  booktitle={CLEF (online working notes/labs/workshop)},
  pages={1--16},
  year={2012}
}

@inproceedings{simpson2012towards,
  title={Towards the creation of a visual ontology of biomedical imaging entities},
  author={Simpson, Matthew S and You, Daekeun and Rahman, Md Mahmudur and Antani, Sameer K and Thoma, George R and Demner-Fushman, Dina},
  booktitle={AMIA Annual Symposium proceedings},
  volume={2012},
  pages={866},
  year={2012},
  organization={American Medical Informatics Association}
}

@inproceedings{deng2011hierarchical,
  title={Hierarchical semantic indexing for large scale image retrieval},
  author={Deng, Jia and Berg, Alexander C and Fei-Fei, Li},
  booktitle={Computer Vision and Pattern Recognition (CVPR), 2011 IEEE Conference on},
  pages={785--792},
  year={2011},
  organization={IEEE}
}

@inproceedings{chen2012semi,
  title={Semi-supervised image classification for automatic construction of a health image library},
  author={Chen, Yang and Zhang, Guo-qiang and Xu, Rong},
  booktitle={Proceedings of the 2nd ACM SIGHIT International Health Informatics Symposium},
  pages={111--120},
  year={2012},
  organization={ACM}
}

@inproceedings{lowe1999object,
  title={Object recognition from local scale-invariant features},
  author={Lowe, David G},
  booktitle={Computer vision, 1999. The proceedings of the seventh IEEE international conference on},
  volume={2},
  pages={1150--1157},
  year={1999},
  organization={Ieee}
}

@inproceedings{dalal2005histograms,
  title={Histograms of oriented gradients for human detection},
  author={Dalal, Navneet and Triggs, Bill},
  booktitle={Computer Vision and Pattern Recognition, 2005. CVPR 2005. IEEE Computer Society Conference on},
  volume={1},
  pages={886--893},
  year={2005},
  organization={IEEE}
}

@article{zhang2007local,
  title={Local features and kernels for classification of texture and object categories: A comprehensive study},
  author={Zhang, Jianguo and Marsza{\l}ek, Marcin and Lazebnik, Svetlana and Schmid, Cordelia},
  journal={International journal of computer vision},
  volume={73},
  number={2},
  pages={213--238},
  year={2007},
  publisher={Springer}
}

@article{felzenszwalb2010object,
  title={Object detection with discriminatively trained part-based models},
  author={Felzenszwalb, Pedro F and Girshick, Ross B and McAllester, David and Ramanan, Deva},
  journal={Pattern Analysis and Machine Intelligence, IEEE Transactions on},
  volume={32},
  number={9},
  pages={1627--1645},
  year={2010},
  publisher={IEEE}
}

%% chapter 3: malaria
@article{miller2013malaria,
  title={Malaria biology and disease pathogenesis: insights for new treatments},
  author={Miller, Louis H and Ackerman, Hans C and Su, Xin-zhuan and Wellems, Thomas E},
  journal={Nature medicine},
  volume={19},
  number={2},
  pages={156--167},
  year={2013},
  publisher={Nature Publishing Group}
}
@article{kar2010control,
  title={Control of malaria},
  author={Kar, Santwana and Kar, Santosh},
  journal={Nature Reviews Drug Discovery},
  volume={9},
  number={7},
  pages={511--512},
  year={2010},
  publisher={Nature Publishing Group}
}

@article{kim2013evolution,
  title={Evolution of Drug Resistance in Malaria Parasite Populations},
  author={Kim, Y and Schneider, KA},
  journal={Nature Education Knowledge},
  volume={4},
  number={8},
  pages={6},
  year={2013}
}
@article{dondorp2009artemisinin,
  title={Artemisinin resistance in Plasmodium falciparum malaria},
  author={Dondorp, Arjen M and Nosten, Fran{\c{c}}ois and Yi, Poravuth and Das, Debashish and Phyo, Aung Phae and Tarning, Joel and Lwin, Khin Maung and Ariey, Frederic and Hanpithakpong, Warunee and Lee, Sue J and others},
  journal={New England Journal of Medicine},
  volume={361},
  number={5},
  pages={455--467},
  year={2009},
  publisher={Mass Medical Soc}
}

@article{kwiatkowski2005malaria,
  title={How malaria has affected the human genome and what human genetics can teach us about malaria},
  author={Kwiatkowski, Dominic P},
  journal={The American Journal of Human Genetics},
  volume={77},
  number={2},
  pages={171--192},
  year={2005},
  publisher={Elsevier}
}

@article{menard2013looking,
  title={Looking under the skin: the first steps in malarial infection and immunity},
  author={M{\'e}nard, Robert and Tavares, Joana and Cockburn, Ian and Markus, Miles and Zavala, Fidel and Amino, Rogerio},
  journal={Nature Reviews Microbiology},
  volume={11},
  number={10},
  pages={701--712},
  year={2013},
  publisher={Nature Publishing Group}
}



@article{crompton2014malaria,
  title={Malaria Immunity in Man and Mosquito: Insights into Unsolved Mysteries of a Deadly Infectious Disease*},
  author={Crompton, Peter D and Moebius, Jacqueline and Portugal, Silvia and Waisberg, Michael and Hart, Geoffrey and Garver, Lindsey S and Miller, Louis H and Barillas, Carolina and Pierce, Susan K},
  journal={Annual review of immunology},
  volume={32},
  pages={157--187},
  year={2014},
  publisher={Annual Reviews}
}


@article{zheng2014immune,
  title={Immune Evasion Strategies of Pre-Erythrocytic Malaria Parasites},
  author={Zheng, Hong and Tan, Zhangping and Xu, Wenyue},
  journal={Mediators of Inflammation},
  volume={2014},
  year={2014},
  publisher={Hindawi Publishing Corporation}
}




@article{gardner2002genome,
  title={Genome sequence of the human malaria parasite Plasmodium falciparum},
  author={Gardner, Malcolm J and Hall, Neil and Fung, Eula and White, Owen and Berriman, Matthew and Hyman, Richard W and Carlton, Jane M and Pain, Arnab and Nelson, Karen E and Bowman, Sharen and others},
  journal={Nature},
  volume={419},
  number={6906},
  pages={498--511},
  year={2002},
  publisher={Nature Publishing Group}
}









@article{wu2014strain,
  title={Strain-specific innate immune signaling pathways determine malaria parasitemia dynamics and host mortality},
  author={Wu, Jian and Tian, Linjie and Yu, Xiao and Pattaradilokrat, Sittiporn and Li, Jian and Wang, Mingjun and Yu, Weishi and Qi, Yanwei and Zeituni, Amir E and Nair, Sethu C and others},
  journal={Proceedings of the National Academy of Sciences},
  volume={111},
  number={4},
  pages={E511--E520},
  year={2014},
  publisher={National Acad Sciences}
}

@article{khor2011revealing,
  title={Revealing the molecular signatures of host-pathogen interactions},
  author={Khor, Chiea-Chuen and Hibberd, Martin L},
  journal={Genome Biol},
  volume={12},
  number={10},
  pages={229},
  year={2011}
}

@article{janes2011investigating,
  title={Investigating the host binding signature on the Plasmodium falciparum PfEMP1 protein family},
  author={Janes, Joel H and Wang, Christopher P and Levin-Edens, Emily and Vigan-Womas, In{\`e}s and Guillotte, Micheline and Melcher, Martin and Mercereau-Puijalon, Odile and Smith, Joseph D},
  journal={PLoS pathogens},
  volume={7},
  number={5},
  pages={e1002032},
  year={2011},
  publisher={Public Library of Science}
}




@article{baruch1996plasmodium,
  title={Plasmodium falciparum erythrocyte membrane protein 1 is a parasitized erythrocyte receptor for adherence to CD36, thrombospondin, and intercellular adhesion molecule 1},
  author={Baruch, DI and Gormely, JA and Ma, C and Howard, RJ and Pasloske, BL},
  journal={Proceedings of the National Academy of Sciences},
  volume={93},
  number={8},
  pages={3497--3502},
  year={1996},
  publisher={National Acad Sciences}
}



@article{smith2000identification,
  title={Identification of a Plasmodium falciparum intercellular adhesion molecule-1 binding domain: a parasite adhesion trait implicated in cerebral malaria},
  author={Smith, Joseph D and Craig, Alister G and Kriek, Neline and Hudson-Taylor, Diana and Kyes, Sue and Fagen, Toby and Pinches, Robert and Baruch, Dror I and Newbold, Chris I and Miller, Louis H},
  journal={Proceedings of the National Academy of Sciences},
  volume={97},
  number={4},
  pages={1766--1771},
  year={2000},
  publisher={National Acad Sciences}
}







@article{medana2006human,
  title={Human cerebral malaria and the blood--brain barrier},
  author={Medana, Isabelle M and Turner, Gareth DH},
  journal={International journal for parasitology},
  volume={36},
  number={5},
  pages={555--568},
  year={2006},
  publisher={Elsevier}
}

@article{tham2010complement,
  title={Complement receptor 1 is the host erythrocyte receptor for Plasmodium falciparum PfRh4 invasion ligand},
  author={Tham, Wai-Hong and Wilson, Danny W and Lopaticki, Sash and Schmidt, Christoph Q and Tetteh-Quarcoo, Patience B and Barlow, Paul N and Richard, Dave and Corbin, Jason E and Beeson, James G and Cowman, Alan F},
  journal={Proceedings of the National Academy of Sciences},
  volume={107},
  number={40},
  pages={17327--17332},
  year={2010},
  publisher={National Acad Sciences}
}





@article{gandhi2006analysis,
  title={Analysis of the human protein interactome and comparison with yeast, worm and fly interaction datasets},
  author={Gandhi, TKB and Zhong, Jun and Mathivanan, Suresh and Karthick, L and Chandrika, KN and Mohan, S Sujatha and Sharma, Salil and Pinkert, Stefan and Nagaraju, Shilpa and Periaswamy, Balamurugan and others},
  journal={Nature genetics},
  volume={38},
  number={3},
  pages={285--293},
  year={2006},
  publisher={Nature Publishing Group}
}



@article{snel2000string,
  title={STRING: a web-server to retrieve and display the repeatedly occurring neighbourhood of a gene},
  author={Snel, Berend and Lehmann, Gerrit and Bork, Peer and Huynen, Martijn A},
  journal={Nucleic acids research},
  volume={28},
  number={18},
  pages={3442--3444},
  year={2000},
  publisher={Oxford Univ Press}
}

@article{aurrecoechea2010eupathdb,
  title={EuPathDB: a portal to eukaryotic pathogen databases},
  author={Aurrecoechea, Cristina and Brestelli, John and Brunk, Brian P and Fischer, Steve and Gajria, Bindu and Gao, Xin and Gingle, Alan and Grant, Greg and Harb, Omar S and Heiges, Mark and others},
  journal={Nucleic acids research},
  volume={38},
  number={suppl 1},
  pages={D415--D419},
  year={2010},
  publisher={Oxford Univ Press}
}

%% seeds

@article{pasternak2009pfemp1,
  title={PfEMP1: An antigen that plays a key role in the pathogenicity and immune evasion of the malaria parasite< i> Plasmodium falciparum</i>},
  author={Pasternak, Noa D and Dzikowski, Ron},
  journal={The international journal of biochemistry \& cell biology},
  volume={41},
  number={7},
  pages={1463--1466},
  year={2009},
  publisher={Elsevier}
}



@article{williams2012enhancing,
  title={Enhancing blockade of Plasmodium falciparum erythrocyte invasion: assessing combinations of antibodies against PfRH5 and other merozoite antigens},
  author={Williams, Andrew R and Douglas, Alexander D and Miura, Kazutoyo and Illingworth, Joseph J and Choudhary, Prateek and Murungi, Linda M and Furze, Julie M and Diouf, Ababacar and Miotto, Olivo and Crosnier, C{\'e}cile and others},
  journal={PLoS pathogens},
  volume={8},
  number={11},
  pages={e1002991},
  year={2012},
  publisher={Public Library of Science}
}


@article{aurrecoechea2009plasmodb,
  title={PlasmoDB: a functional genomic database for malaria parasites},
  author={Aurrecoechea, Cristina and Brestelli, John and Brunk, Brian P and Dommer, Jennifer and Fischer, Steve and Gajria, Bindu and Gao, Xin and Gingle, Alan and Grant, Greg and Harb, Omar S and others},
  journal={Nucleic acids research},
  volume={37},
  number={suppl 1},
  pages={D539--D543},
  year={2009},
  publisher={Oxford Univ Press}
}

%% method: target

@article{hopkins2002druggable,
  title={The druggable genome},
  author={Hopkins, Andrew L and Groom, Colin R},
  journal={Nature reviews Drug discovery},
  volume={1},
  number={9},
  pages={727--730},
  year={2002},
  publisher={Nature Publishing Group}
}


%% pathways
@article{subramanian2005gene,
  title={Gene set enrichment analysis: a knowledge-based approach for interpreting genome-wide expression profiles},
  author={Subramanian, Aravind and Tamayo, Pablo and Mootha, Vamsi K and Mukherjee, Sayan and Ebert, Benjamin L and Gillette, Michael A and Paulovich, Amanda and Pomeroy, Scott L and Golub, Todd R and Lander, Eric S and others},
  journal={Proceedings of the National Academy of Sciences of the United States of America},
  volume={102},
  number={43},
  pages={15545--15550},
  year={2005},
  publisher={National Acad Sciences}
}

%% gene set
@article{tripathi2009plasmodium,
  title={Plasmodium falciparum--infected erythrocytes induce NF-$\kappa$B regulated inflammatory pathways in human cerebral endothelium},
  author={Tripathi, Abhai K and Sha, Wei and Shulaev, Vladimir and Stins, Monique F and Sullivan, David J},
  journal={Blood},
  volume={114},
  number={19},
  pages={4243--4252},
  year={2009},
  publisher={American Society of Hematology}
}

@article{crosnier2011basigin,
  title={Basigin is a receptor essential for erythrocyte invasion by Plasmodium falciparum},
  author={Crosnier, C{\'e}cile and Bustamante, Leyla Y and Bartholdson, S Josefin and Bei, Amy K and Theron, Michel and Uchikawa, Makoto and Mboup, Souleymane and Ndir, Omar and Kwiatkowski, Dominic P and Duraisingh, Manoj T and others},
  journal={Nature},
  volume={480},
  number={7378},
  pages={534--537},
  year={2011},
  publisher={Nature Publishing Group}
}

@article{hill1991common,
  title={Common West African HLA antigens are associated with protection from severe malaria},
  author={Hill, Adrian VS and Allsopp, Catherine EM and Kwiatkowski, Dominic and Anstey, Nicholas M and Twumasi, Patrick and Rowe, Pamela A and Bennett, Stephen and Brewster, David and McMichael, Andrew J and Greenwood, Brian M},
  journal={Nature},
  volume={352},
  number={6336},
  pages={595--600},
  year={1991}
}

@article{nuchnoi2008significant,
  title={Significant association between TIM1 promoter polymorphisms and protection against cerebral malaria in Thailand},
  author={Nuchnoi, P and Ohashi, J and Kimura, R and Hananantachai, H and Naka, I and Krudsood, S and Looareesuwan, S and Tokunaga, K and Patarapotikul, J},
  journal={Annals of human genetics},
  volume={72},
  number={3},
  pages={327--336},
  year={2008},
  publisher={Wiley Online Library}
}

@article{ferwerda2007tlr4,
  title={TLR4 polymorphisms, infectious diseases, and evolutionary pressure during migration of modern humans},
  author={Ferwerda, Bart and McCall, Matthew BB and Alonso, Santos and Giamarellos-Bourboulis, Evangelos J and Mouktaroudi, Maria and Izagirre, Neskuts and Syafruddin, Din and Kibiki, Gibson and Cristea, Tudor and Hijmans, Anneke and others},
  journal={Proceedings of the National Academy of Sciences},
  volume={104},
  number={42},
  pages={16645--16650},
  year={2007},
  publisher={National Acad Sciences}
}

@article{sawian2013polymorphisms,
  title={Polymorphisms and expression of TLR4 and 9 in malaria in two ethnic groups of Assam, northeast India},
  author={Sawian, Clara E and Lourembam, Sonia D and Banerjee, Arunabha and Baruah, Shashi},
  journal={Innate immunity},
  volume={19},
  number={2},
  pages={174--183},
  year={2013},
  publisher={SAGE Publications}
}


@article{kaushansky2013suppression,
  title={Suppression of Host p53 Is Critical for< i> Plasmodium</i> Liver-Stage Infection},
  author={Kaushansky, Alexis and Ye, Albert S and Austin, Laura S and Mikolajczak, Sebastian A and Vaughan, Ashley M and Camargo, Nelly and Metzger, Peter G and Douglass, Alyse N and MacBeath, Gavin and Kappe, Stefan HI},
  journal={Cell reports},
  volume={3},
  number={3},
  pages={630--637},
  year={2013},
  publisher={Elsevier}
}

@article{scholzen2013malaria,
  title={How malaria modulates memory: activation and dysregulation of B cells in< i> Plasmodium</i> infection},
  author={Scholzen, Anja and Sauerwein, Robert W},
  journal={Trends in parasitology},
  volume={29},
  number={5},
  pages={252--262},
  year={2013},
  publisher={Elsevier}
}

@article{vestweber1999mechanisms,
  title={Mechanisms that regulate the function of the selectins and their ligands},
  author={Vestweber, Dietmar and Blanks, James E},
  journal={Physiological reviews},
  volume={79},
  number={1},
  pages={181--213},
  year={1999},
  publisher={Am Physiological Soc}
}

@article{abdalla1989hematopoiesis,
  title={Hematopoiesis in human malaria.},
  author={Abdalla, SH},
  journal={Blood cells},
  volume={16},
  number={2-3},
  pages={401--16},
  year={1989}
}


@article{visser2013serum,
  title={Serum lipids and lipoproteins in malaria-a systematic review and meta-analysis},
  author={Visser, Benjamin J and Wieten, Rosanne W and Nagel, Ingeborg M and Grobusch, Martin P},
  journal={Malaria journal},
  volume={12},
  number={1},
  pages={442},
  year={2013},
  publisher={BioMed Central Ltd}
}

%% pathway
@article{ayi2008pyruvate,
  title={Pyruvate kinase deficiency and malaria},
  author={Ayi, Kodjo and Min-Oo, Gundula and Serghides, Lena and Crockett, Maryanne and Kirby-Allen, Melanie and Quirt, Ian and Gros, Philippe and Kain, Kevin C},
  journal={New England Journal of Medicine},
  volume={358},
  number={17},
  pages={1805--1810},
  year={2008},
  publisher={Mass Medical Soc}
}

@article{howells1973citric,
  title={Citric acid cycle activity and chloroquine resistance in rodent malaria parasites: the role of the reticulocyte.},
  author={Howells, RE and Maxwell, L},
  journal={Annals of tropical medicine and parasitology},
  volume={67},
  number={3},
  pages={285},
  year={1973}
}

@article{beiting2006synthesis,
  title={Synthesis of syndecan-1 by skeletal muscle cells is an early response to infection with Trichinella spiralis but is not essential for nurse cell development},
  author={Beiting, Daniel P and Park, Pyong Woo and Appleton, Judith A},
  journal={Infection and immunity},
  volume={74},
  number={3},
  pages={1941--1943},
  year={2006},
  publisher={Am Soc Microbiol}
}
@article{mota2000plasmodium,
  title={Plasmodium chabaudi-infected erythrocytes adhere to CD36 and bind to microvascular endothelial cells in an organ-specific way},
  author={Mota, Maria M and Jarra, William and Hirst, Elizabeth and Patnaik, Pradeep K and Holder, Anthony A},
  journal={Infection and immunity},
  volume={68},
  number={7},
  pages={4135--4144},
  year={2000},
  publisher={Am Soc Microbiol}
}

@article{nacer2012neuroimmunological,
  title={Neuroimmunological blood brain barrier opening in experimental cerebral malaria},
  author={Nacer, Adela and Movila, Alexandru and Baer, Kerstin and Mikolajczak, Sebastian A and Kappe, Stefan HI and Frevert, Ute},
  journal={PLoS pathogens},
  volume={8},
  number={10},
  pages={e1002982},
  year={2012},
  publisher={Public Library of Science}
}

@article{zeba2008major,
  title={Major reduction of malaria morbidity with combined vitamin A and zinc supplementation in young children in Burkina Faso: a randomized double blind trial},
  author={Zeba, Augustin N and Sorgho, Hermann and Rouamba, No{\"e}l and Zongo, Issiaka and Rouamba, Jeremie and Guiguemd{\'e}, Robert T and Hamer, Davidson H and Mokhtar, Najat and Ouedraogo, Jean-Bosco},
  journal={Nutr J},
  volume={7},
  number={7},
  pages={7},
  year={2008}
}

@article{chua2013monocytes,
  title={Monocytes and macrophages in malaria: protection or pathology?},
  author={Chua, Caroline Lin Lin and Brown, Graham and Hamilton, John A and Rogerson, Stephen and Boeuf, Philippe},
  journal={Trends in parasitology},
  volume={29},
  number={1},
  pages={26--34},
  year={2013},
  publisher={Elsevier}
}

@article{campos2013genetic,
  title={Genetic Variability in Platelet Integrin $\alpha$2$\beta$1 Density: Possible Contributor to Plasmodium vivax--induced Severe Thrombocytopenia},
  author={Campos, Fernanda MF and Santos, Marina LS and Kano, Flora S and Fontes, Cor JF and Lacerda, Marcus VG and Brito, Cristiana FA and Carvalho, Luzia H},
  journal={The American journal of tropical medicine and hygiene},
  volume={88},
  number={2},
  pages={325--328},
  year={2013},
  publisher={ASTMH}
}

@article{grau2003platelet,
  title={Platelet accumulation in brain microvessels in fatal pediatric cerebral malaria},
  author={Grau, Georges E and Mackenzie, Charles D and Carr, Richard A and Redard, Mireille and Pizzolato, Giampaolo and Allasia, Claude and Cataldo, Claude and Taylor, Terrie E and Molyneux, Malcolm E},
  journal={Journal of Infectious Diseases},
  volume={187},
  number={3},
  pages={461--466},
  year={2003},
  publisher={Oxford University Press}
}

@article{pain2001platelet,
  title={Platelet-mediated clumping of Plasmodium falciparum-infected erythrocytes is a common adhesive phenotype and is associated with severe malaria},
  author={Pain, Arnab and Ferguson, David JP and Kai, Oscar and Urban, Britta C and Lowe, Brett and Marsh, Kevin and Roberts, David J},
  journal={Proceedings of the National Academy of Sciences},
  volume={98},
  number={4},
  pages={1805--1810},
  year={2001},
  publisher={National Acad Sciences}
}

@article{wassmer2004platelets,
  title={Platelets reorient Plasmodium falciparum--infected erythrocyte cytoadhesion to activated endothelial cells},
  author={Wassmer, Samuel Crocodile and L{\'e}polard, Catherine and Traor{\'e}, Boubacar and Pouvelle, Bruno and Gysin, J{\"u}rg and Grau, Georges Emile},
  journal={Journal of Infectious Diseases},
  volume={189},
  number={2},
  pages={180--189},
  year={2004},
  publisher={Oxford University Press}
}


%% chapter 4: phenotype
@article{korbel2005systematic,
  title={Systematic association of genes to phenotypes by genome and literature mining},
  author={Korbel, Jan O and Doerks, Tobias and Jensen, Lars J and Perez-Iratxeta, Carolina and Kaczanowski, Szymon and Hooper, Sean D and Andrade, Miguel A and Bork, Peer},
  journal={PLoS biology},
  volume={3},
  number={5},
  pages={e134},
  year={2005},
  publisher={Public Library of Science}
}

@article{van2006text,
  title={A text-mining analysis of the human phenome},
  author={van Driel, Marc A and Bruggeman, Jorn and Vriend, Gert and Brunner, Han G and Leunissen, Jack AM},
  journal={European journal of human genetics},
  volume={14},
  number={5},
  pages={535--542},
  year={2006},
  publisher={Nature Publishing Group}
}

@article{robinson2008human,
  title={The Human Phenotype Ontology: a tool for annotating and analyzing human hereditary disease},
  author={Robinson, Peter N and K{\"o}hler, Sebastian and Bauer, Sebastian and Seelow, Dominik and Horn, Denise and Mundlos, Stefan},
  journal={The American Journal of Human Genetics},
  volume={83},
  number={5},
  pages={610--615},
  year={2008},
  publisher={Elsevier}
}

@article{natarajan2014inductive,
  title={Inductive matrix completion for predicting gene--disease associations},
  author={Natarajan, Nagarajan and Dhillon, Inderjit S},
  journal={Bioinformatics},
  volume={30},
  number={12},
  pages={i60--i68},
  year={2014},
  publisher={Oxford Univ Press}
}

@article{hoehndorf2011phenomenet,
  title={PhenomeNET: a whole-phenome approach to disease gene discovery},
  author={Hoehndorf, Robert and Schofield, Paul N and Gkoutos, Georgios V},
  journal={Nucleic acids research},
  volume={39},
  number={18},
  pages={e119--e119},
  year={2011},
  publisher={Oxford Univ Press}
}

@article{mestres2008data,
  title={Data completeness—the Achilles heel of drug-target networks},
  author={Mestres, Jordi and Gregori-Puigjan{\'e}, Elisabet and Valverde, Sergi and Sole, Ricard V},
  journal={Nature biotechnology},
  volume={26},
  number={9},
  pages={983--984},
  year={2008},
  publisher={Nature Publishing Group}
}

@article{oti2009biological,
  title={The biological coherence of human phenome databases},
  author={Oti, Martin and Huynen, Martijn A and Brunner, Han G},
  journal={The American Journal of Human Genetics},
  volume={85},
  number={6},
  pages={801--808},
  year={2009},
  publisher={Elsevier}
}

@article{lindberg1993unified,
  title={The Unified Medical Language System.},
  author={Lindberg, Donald A and Humphreys, Betsy L and McCray, Alexa T},
  journal={Methods of information in medicine},
  volume={32},
  number={4},
  pages={281--291},
  year={1993}
}

@article{bodenreider2004unified,
  title={The unified medical language system (UMLS): integrating biomedical terminology},
  author={Bodenreider, Olivier},
  journal={Nucleic acids research},
  volume={32},
  number={suppl 1},
  pages={D267--D270},
  year={2004},
  publisher={Oxford Univ Press}
}

@article{mccray2003upper,
  title={An upper-level ontology for the biomedical domain},
  author={McCray, Alexa T},
  journal={Comparative and Functional Genomics},
  volume={4},
  number={1},
  pages={80--84},
  year={2003},
  publisher={Wiley Online Library}
}

@article{annunen1999splicing,
  title={Splicing mutations of 54-bp exons in the COL11A1 gene cause Marshall syndrome, but other mutations cause overlapping Marshall/Stickler phenotypes},
  author={Annunen, Susanna and K{\"o}rkk{\"o}, Jarmo and Czarny, Malwina and Warman, Matthew L and Brunner, Han G and K{\"a}{\"a}ri{\"a}inen, Helena and Mulliken, John B and Tranebj{\ae}rg, Lisbeth and Brooks, David G and Cox, Gerald F and others},
  journal={The American Journal of Human Genetics},
  volume={65},
  number={4},
  pages={974--983},
  year={1999},
  publisher={Elsevier}
}

@article{goh2007human,
  title={The human disease network},
  author={Goh, Kwang-Il and Cusick, Michael E and Valle, David and Childs, Barton and Vidal, Marc and Barab{\'a}si, Albert-L{\'a}szl{\'o}},
  journal={Proceedings of the National Academy of Sciences},
  volume={104},
  number={21},
  pages={8685--8690},
  year={2007},
  publisher={National Acad Sciences}
}

@article{molodecky2012increasing,
  title={Increasing incidence and prevalence of the inflammatory bowel diseases with time, based on systematic review},
  author={Molodecky, Natalie A and Soon, Shian and Rabi, Doreen M and Ghali, William A and Ferris, Mollie and Chernoff, Greg and Benchimol, Eric I and Panaccione, Remo and Ghosh, Subrata and Barkema, Herman W and others},
  journal={Gastroenterology},
  volume={142},
  number={1},
  pages={46--54},
  year={2012},
  publisher={Elsevier}
}

@article{atreya2014vivo,
  title={In vivo imaging using fluorescent antibodies to tumor necrosis factor predicts therapeutic response in Crohn's disease},
  author={Atreya, Raja and Neumann, Helmut and Neufert, Clemens and Waldner, Maximilian J and Billmeier, Ulrike and Zopf, Yurdag{\"u}l and Willma, Marcus and App, Christine and M{\"u}nster, Tino and Kessler, Hermann and others},
  journal={Nature medicine},
  volume={20},
  number={3},
  pages={313--318},
  year={2014},
  publisher={Nature Publishing Group}
}

@article{cosnes2011epidemiology,
  title={Epidemiology and natural history of inflammatory bowel diseases},
  author={Cosnes, Jacques and Gower--Rousseau, Corinne and Seksik, Philippe and Cortot, Antoine},
  journal={Gastroenterology},
  volume={140},
  number={6},
  pages={1785--1794},
  year={2011},
  publisher={Elsevier}
}

@article{hamosh2005online,
  title={Online Mendelian Inheritance in Man (OMIM), a knowledgebase of human genes and genetic disorders},
  author={Hamosh, Ada and Scott, Alan F and Amberger, Joanna S and Bocchini, Carol A and McKusick, Victor A},
  journal={Nucleic acids research},
  volume={33},
  number={suppl 1},
  pages={D514--D517},
  year={2005},
  publisher={Oxford Univ Press}
}

@inproceedings{bell1992form,
  title={Form-based clinical input from a structured vocabulary: initial application in ultrasound reporting},
  author={Bell, Douglas S and Greenes, RA and Doubilet, P},
  booktitle={Proceedings of the Annual Symposium on Computer Application in Medical Care},
  pages={789},
  year={1992},
  organization={American Medical Informatics Association}
}

@inproceedings{tringali2002integration,
  title={Integration of a standard gastrointestinal endoscopy terminology in the UMLS Metathesaurus},
  author={Tringali, Michele and Hole, William T and Srinivasan, Suresh},
  booktitle={Proceedings of the AMIA symposium},
  pages={801},
  year={2002},
  organization={American Medical Informatics Association}
}

@article{lee2013network,
  title={Network models of genome-wide association studies uncover the topological centrality of protein interactions in complex diseases},
  author={Lee, Younghee and Li, Haiquan and Li, Jianrong and Rebman, Ellen and Achour, Ikbel and Regan, Kelly E and Gamazon, Eric R and Chen, James L and Yang, Xinan Holly and Cox, Nancy J and others},
  journal={Journal of the American Medical Informatics Association},
  volume={20},
  number={4},
  pages={619--629},
  year={2013},
  publisher={BMJ Publishing Group Ltd}
}

@article{li2012complex,
  title={Complex-disease networks of trait-associated single-nucleotide polymorphisms (SNPs) unveiled by information theory},
  author={Li, Haiquan and Lee, Younghee and Chen, James L and Rebman, Ellen and Li, Jianrong and Lussier, Yves A},
  journal={Journal of the American Medical Informatics Association},
  volume={19},
  number={2},
  pages={295--305},
  year={2012},
  publisher={BMJ Publishing Group Ltd}
}

@article{caretta2007bottleneck,
  title={Bottleneck genes and community structure in the cell cycle network of S. pombe},
  author={Caretta-Cartozo, C{\'e}cile and De Los Rios, Paolo and Piazza, Francesco and Li{\`o}, Pietro},
  journal={PLoS computational biology},
  volume={3},
  number={6},
  pages={e103},
  year={2007},
  publisher={Public Library of Science}
}

@article{palla2005uncovering,
  title={Uncovering the overlapping community structure of complex networks in nature and society},
  author={Palla, Gergely and Der{\'e}nyi, Imre and Farkas, Ill{\'e}s and Vicsek, Tam{\'a}s},
  journal={Nature},
  volume={435},
  number={7043},
  pages={814--818},
  year={2005},
  publisher={Nature Publishing Group}
}

@article{salathe2010dynamics,
  title={Dynamics and control of diseases in networks with community structure},
  author={Salath{\'e}, Marcel and Jones, James H},
  journal={PLoS Computational Biology},
  volume={6},
  number={4},
  pages={e1000736},
  year={2010},
  publisher={Public Library of Science}
}

@article{newman2004finding,
  title={Finding and evaluating community structure in networks},
  author={Newman, Mark EJ and Girvan, Michelle},
  journal={Physical review E},
  volume={69},
  number={2},
  pages={026113},
  year={2004},
  publisher={APS}
}

@article{moreau2012computational,
  title={Computational tools for prioritizing candidate genes: boosting disease gene discovery},
  author={Moreau, Yves and Tranchevent, L{\'e}on-Charles},
  journal={Nature Reviews Genetics},
  volume={13},
  number={8},
  pages={523--536},
  year={2012},
  publisher={Nature Publishing Group}
}

@article{berger2010systems,
  title={Systems pharmacology of arrhythmias},
  author={Berger, Seth I and Ma'ayan, Avi and Iyengar, Ravi},
  journal={Science signaling},
  volume={3},
  number={118},
  pages={ra30},
  year={2010},
  publisher={AAAS}
}

@article{antonarakis2006mendelian,
  title={Mendelian disorders deserve more attention},
  author={Antonarakis, Stylianos E and Beckmann, Jacques S},
  journal={Nature Reviews Genetics},
  volume={7},
  number={4},
  pages={277--282},
  year={2006},
  publisher={Nature Publishing Group}
}

@article{chenROC,
  title={Uncover disease genes by maximizing information flow in the phenome--interactome network},
  author={Chen, Yong and Jiang, Tao and Jiang, Rui},
  journal={Bioinformatics},
  volume={27},
  number={13},
  pages={i167--i176},
  year={2011},
  publisher={Oxford Univ Press}
}

@article{sartor2006mechanisms,
  title={Mechanisms of disease: pathogenesis of Crohn's disease and ulcerative colitis},
  author={Sartor, R Balfour},
  journal={Nature clinical practice Gastroenterology \& hepatology},
  volume={3},
  number={7},
  pages={390--407},
  year={2006},
  publisher={Nature Publishing Group}
}

@article{baumgart2007inflammatory,
  title={Inflammatory bowel disease: clinical aspects and established and evolving therapies},
  author={Baumgart, Daniel C and Sandborn, William J},
  journal={The Lancet},
  volume={369},
  number={9573},
  pages={1641--1657},
  year={2007},
  publisher={Elsevier}
}

@article{hindorff2009potential,
  title={Potential etiologic and functional implications of genome-wide association loci for human diseases and traits},
  author={Hindorff, Lucia A and Sethupathy, Praveen and Junkins, Heather A and Ramos, Erin M and Mehta, Jayashri P and Collins, Francis S and Manolio, Teri A},
  journal={Proceedings of the National Academy of Sciences},
  volume={106},
  number={23},
  pages={9362--9367},
  year={2009},
  publisher={National Acad Sciences}
}

@article{law2014drugbank,
  title={DrugBank 4.0: shedding new light on drug metabolism},
  author={Law, Vivian and Knox, Craig and Djoumbou, Yannick and Jewison, Tim and Guo, An Chi and Liu, Yifeng and Maciejewski, Adam and Arndt, David and Wilson, Michael and Neveu, Vanessa and others},
  journal={Nucleic acids research},
  volume={42},
  number={D1},
  pages={D1091--D1097},
  year={2014},
  publisher={Oxford Univ Press}
}

@article{jostins2012host,
  title={Host-microbe interactions have shaped the genetic architecture of inflammatory bowel disease},
  author={Jostins, Luke and Ripke, Stephan and Weersma, Rinse K and Duerr, Richard H and McGovern, Dermot P and Hui, Ken Y and Lee, James C and Schumm, L Philip and Sharma, Yashoda and Anderson, Carl A and others},
  journal={Nature},
  volume={491},
  number={7422},
  pages={119--124},
  year={2012},
  publisher={Nature Publishing Group}
}

@article{philpott2014nod,
  title={NOD proteins: regulators of inflammation in health and disease},
  author={Philpott, Dana J and Sorbara, Matthew T and Robertson, Susan J and Croitoru, Kenneth and Girardin, Stephen E},
  journal={Nature Reviews Immunology},
  volume={14},
  number={1},
  pages={9--23},
  year={2014},
  publisher={Nature Publishing Group}
}

@article{lupfer2013receptor,
  title={Receptor interacting protein kinase 2-mediated mitophagy regulates inflammasome activation during virus infection},
  author={Lupfer, Christopher and Thomas, Paul G and Anand, Paras K and Vogel, Peter and Milasta, Sandra and Martinez, Jennifer and Huang, Gonghua and Green, Maggie and Kundu, Mondira and Chi, Hongbo and others},
  journal={Nature immunology},
  volume={14},
  number={5},
  pages={480--488},
  year={2013},
  publisher={Nature Publishing Group}
}

@article{tomalka2011novel,
  title={A novel role for the NLRC4 inflammasome in mucosal defenses against the fungal pathogen Candida albicans},
  author={Tomalka, Jeffrey and Ganesan, Sandhya and Azodi, Elaheh and Patel, Krupen and Majmudar, Parth and Hall, Brian A and Fitzgerald, Katherine A and Hise, Amy G},
  journal={PLoS pathogens},
  volume={7},
  number={12},
  pages={e1002379},
  year={2011},
  publisher={Public Library of Science}
}

@article{standaert2009candida,
  title={Candida albicans colonization and ASCA in familial Crohn's disease},
  author={Standaert-Vitse, Annie and Sendid, Boualem and Joossens, Marie and Fran{\c{c}}ois, Nadine and Vandewalle-El Khoury, Peggy and Branche, Julien and Van Kruiningen, Herbert and Jouault, Thierry and Rutgeerts, Paul and Gower-Rousseau, Corinne and others},
  journal={The American journal of gastroenterology},
  volume={104},
  number={7},
  pages={1745--1753},
  year={2009},
  publisher={Nature Publishing Group}
}

@article{gerard2013immunological,
  title={An immunological link between Candida albicans colonization and Crohn's disease},
  author={Gerard, Romain and Sendid, Boualem and Colombel, Jean-Frederic and Poulain, Daniel and Jouault, Thierry},
  journal={Critical reviews in microbiology},
  number={0},
  pages={1--5},
  year={2013},
  publisher={Informa Healthcare USA, Inc. New York}
}

@article{kufer2006role,
  title={Role for erbin in bacterial activation of Nod2},
  author={Kufer, TA and Kremmer, E and Banks, DJ and Philpott, DJ},
  journal={Infection and immunity},
  volume={74},
  number={6},
  pages={3115--3124},
  year={2006},
  publisher={Am Soc Microbiol}
}

@article{villani2009common,
  title={Common variants in the NLRP3 region contribute to Crohn's disease susceptibility},
  author={Villani, Alexandra-Chlo{\'e} and Lemire, Mathieu and Fortin, Genevi{\`e}ve and Louis, Edouard and Silverberg, Mark S and Collette, Catherine and Baba, Nobuyasu and Libioulle, C{\'e}cile and Belaiche, Jacques and Bitton, Alain and others},
  journal={Nature genetics},
  volume={41},
  number={1},
  pages={71--76},
  year={2009},
  publisher={Nature Publishing Group}
}

@article{hirota2011nlrp3,
  title={NLRP3 inflammasome plays a key role in the regulation of intestinal homeostasis},
  author={Hirota, Simon A and Ng, Jeffrey and Lueng, Alan and Khajah, Maitham and Parhar, Ken and Li, Yan and Lam, Victor and Potentier, Mireille S and Ng, Kelvin and Bawa, Misha and others},
  journal={Inflammatory bowel diseases},
  volume={17},
  number={6},
  pages={1359--1372},
  year={2011},
  publisher={Wiley Online Library}
}

@article{netea20101beta,
  title={IL-1$\beta$ processing in host defense: beyond the inflammasomes},
  author={Netea, Mihai G and Simon, Anna and van de Veerdonk, Frank and Kullberg, Bart-Jan and Van der Meer, Jos WM and Joosten, Leo AB},
  journal={PLoS pathogens},
  volume={6},
  number={2},
  pages={e1000661},
  year={2010},
  publisher={Public Library of Science}
}

@article{borthakur2007carrageenan,
  title={Carrageenan induces interleukin-8 production through distinct Bcl10 pathway in normal human colonic epithelial cells},
  author={Borthakur, Alip and Bhattacharyya, Sumit and Dudeja, Pradeep K and Tobacman, Joanne K},
  journal={American Journal of Physiology-Gastrointestinal and Liver Physiology},
  volume={292},
  number={3},
  pages={G829--G838},
  year={2007},
  publisher={Am Physiological Soc}
}

@incollection{nishimoto2008humanized,
  title={Humanized antihuman IL-6 receptor antibody, tocilizumab},
  author={Nishimoto, N and Kishimoto, T},
  booktitle={Therapeutic Antibodies},
  pages={151--160},
  year={2008},
  publisher={Springer}
}

@article{gergis2010effectiveness,
  title={Effectiveness and Safety of Tocilizumab, an Anti--Interleukin-6 Receptor Monoclonal Antibody, in a Patient With Refractory GI Graft-Versus-Host Disease},
  author={Gergis, Usama and Arnason, Jon and Yantiss, Rhonda and Shore, Tsiporah and Wissa, Usama and Feldman, Eric and Woodworth, Thasia},
  journal={Journal of Clinical Oncology},
  volume={28},
  number={30},
  pages={e602--e604},
  year={2010},
  publisher={American Society of Clinical Oncology}
}

@article{korzenik2005sargramostim,
  title={Sargramostim for active Crohn's disease},
  author={Korzenik, Joshua R and Dieckgraefe, Brian K and Valentine, John F and Hausman, Diana F and Gilbert, Mark J},
  journal={New England Journal of Medicine},
  volume={352},
  number={21},
  pages={2193--2201},
  year={2005},
  publisher={Mass Medical Soc}
}

@article{roth2011sargramostim,
  title={Sargramostim (GM-CSF) for induction of remission in Crohn's disease},
  author={Roth, Lee and MacDonald, John K and McDonald, John WD and Chande, Nilesh},
  journal={The Cochrane Library},
  year={2011},
  publisher={Wiley Online Library}
}

@article{margolis2010potential,
  title={Potential association between the oral tetracycline class of antimicrobials used to treat acne and inflammatory bowel disease},
  author={Margolis, David J and Fanelli, Matthew and Hoffstad, Ole and Lewis, James D},
  journal={The American journal of gastroenterology},
  volume={105},
  number={12},
  pages={2610--2616},
  year={2010},
  publisher={Nature Publishing Group}
}

@article{rahimi2012antidepressants,
  title={Antidepressants can treat inflammatory bowel disease through regulation of the nuclear factor-$\kappa$B/nitric oxide pathway and inhibition of cytokine production: A hypothesis},
  author={Rahimi, Hamid Reza and Shiri, Mahdi and Razmi, Ali},
  journal={World journal of gastrointestinal pharmacology and therapeutics},
  volume={3},
  number={6},
  pages={83},
  year={2012},
  publisher={Baishideng Publishing Group Co., Ltd.}
}

@article{rahimi2009efficacy,
  title={Efficacy of tricyclic antidepressants in irritable bowel syndrome: a meta-analysis},
  author={Rahimi, Roja and Nikfar, Shekoufeh and Rezaie, Ali and Abdollahi, Mohammad},
  journal={World journal of gastroenterology: WJG},
  volume={15},
  number={13},
  pages={1548},
  year={2009},
  publisher={Baishideng Publishing Group Co., Ltd.}
}

@article{rosenbloom2009mecasermin,
  title={Mecasermin (recombinant human insulin-like growth factor I)},
  author={Rosenbloom, Arlan L},
  journal={Advances in therapy},
  volume={26},
  number={1},
  pages={40--54},
  year={2009},
  publisher={Springer}
}

@article{puche2012human,
  title={Human conditions of insulin-like growth factor-I (IGF-I) deficiency},
  author={Puche, Juan E and Castilla-Cort{\'a}zar, Inma},
  journal={J Transl Med},
  volume={10},
  pages={224},
  year={2012}
}

@article{lazzerini2013effect,
  title={Effect of thalidomide on clinical remission in children and adolescents with refractory Crohn disease: a randomized clinical trial},
  author={Lazzerini, Marzia and Martelossi, Stefano and Magazz{\`u}, Giuseppe and Pellegrino, Salvatore and Lucanto, Maria Cristina and Barabino, Arrigo and Calvi, Angela and Arrigo, Serena and Lionetti, Paolo and Lorusso, Monica and others},
  journal={JAMA},
  volume={310},
  number={20},
  pages={2164--2173},
  year={2013},
  publisher={American Medical Association}
}

@incollection{chen2014network,
  title={Network Analysis of Human Disease Comorbidity Patterns Based on Large-Scale Data Mining},
  author={Chen, Yang and Xu, Rong},
  booktitle={Bioinformatics Research and Applications},
  pages={243--254},
  year={2014},
  publisher={Springer}
}



%%%%%%%%%%%%%%%%%%%%% I am boundary %%%%%%





@article{kanehisa2000kegg,
  title={KEGG: kyoto encyclopedia of genes and genomes},
  author={Kanehisa, Minoru and Goto, Susumu},
  journal={Nucleic acids research},
  volume={28},
  number={1},
  pages={27--30},
  year={2000},
  publisher={Oxford Univ Press}
}

@article{gray2012genenames,
  title={Genenames. org: the HGNC resources in 2013},
  author={Gray, Kristian A and Daugherty, Louise C and Gordon, Susan M and Seal, Ruth L and Wright, Mathew W and Bruford, Elspeth A},
  journal={Nucleic acids research},
  pages={gks1066},
  year={2012},
  publisher={Oxford Univ Press}
}























%%% chapter 5: cancer



@article{calle2003overweight,
  title={Overweight, obesity, and mortality from cancer in a prospectively studied cohort of US adults},
  author={Calle, Eugenia E and Rodriguez, Carmen and Walker-Thurmond, Kimberly and Thun, Michael J},
  journal={New England Journal of Medicine},
  volume={348},
  number={17},
  pages={1625--1638},
  year={2003},
  publisher={Mass Medical Soc}
}

@article{bardou2013obesity,
  title={Obesity and colorectal cancer},
  author={Bardou, Marc and Barkun, Alan N and Martel, Myriam},
  journal={Gut},
  volume={62},
  number={6},
  pages={933--947},
  year={2013},
  publisher={BMJ Publishing Group Ltd and British Society of Gastroenterology}
}

@article{khaodhiar1999obesity,
  title={Obesity and its comorbid conditions},
  author={Khaodhiar, Lalita and McCowen, Karen C and Blackburn, George L},
  journal={Clinical cornerstone},
  volume={2},
  number={3},
  pages={17--31},
  year={1999},
  publisher={Elsevier}
}

@article{pollak2008insulin,
  title={Insulin and insulin-like growth factor signalling in neoplasia},
  author={Pollak, Michael},
  journal={Nature Reviews Cancer},
  volume={8},
  number={12},
  pages={915--928},
  year={2008},
  publisher={Nature Publishing Group}
}

@article{leroith2003insulin,
  title={The insulin-like growth factor system and cancer},
  author={LeRoith, Derek and Roberts, Charles T},
  journal={Cancer letters},
  volume={195},
  number={2},
  pages={127--137},
  year={2003},
  publisher={Elsevier}
}

@article{renehan2004insulin,
  title={Insulin-like growth factor (IGF)-I, IGF binding protein-3, and cancer risk: systematic review and meta-regression analysis},
  author={Renehan, Andrew G and Zwahlen, Marcel and Minder, Christoph and T O'Dwyer, Sarah and Shalet, Stephen M and Egger, Matthias},
  journal={The Lancet},
  volume={363},
  number={9418},
  pages={1346--1353},
  year={2004},
  publisher={Elsevier}
}

@article{dalamaga2012role,
  title={The role of adiponectin in cancer: a review of current evidence},
  author={Dalamaga, Maria and Diakopoulos, Kalliope N and Mantzoros, Christos S},
  journal={Endocrine reviews},
  volume={33},
  number={4},
  pages={547--594},
  year={2012},
  publisher={Endocrine Society Chevy Chase, MD}
}

@article{an2012adiponectin,
  title={Adiponectin levels in patients with colorectal cancer and adenoma: a meta-analysis},
  author={An, Wei and Bai, Yu and Deng, Shang-Xin and Gao, Jie and Ben, Qi-Wen and Cai, Quan-Cai and Zhang, Hua-Gao and Li, Zhao-Shen},
  journal={European Journal of Cancer Prevention},
  volume={21},
  number={2},
  pages={126--133},
  year={2012},
  publisher={LWW}
}

@article{wei2005low,
  title={Low plasma adiponectin levels and risk of colorectal cancer in men: a prospective study},
  author={Wei, Esther K and Giovannucci, Edward and Fuchs, Charles S and Willett, Walter C and Mantzoros, Christos S},
  journal={Journal of the National Cancer Institute},
  volume={97},
  number={22},
  pages={1688--1694},
  year={2005},
  publisher={Oxford University Press}
}

@article{stattin2003plasma,
  title={Plasma leptin and colorectal cancer risk: a prospective study in Northern Sweden},
  author={Stattin, P{\"a}r and Palmqvist, Richard and S{\"o}derberg, Stefan and Biessy, Carine and Ardnor, Bjarne and Hallmans, G{\"o}ran and Kaaks, Rudolf and Olsson, Tommy},
  journal={Oncology reports},
  volume={10},
  number={6},
  pages={2015--2021},
  year={2003},
  publisher={Spandidos Publications}
}

@article{tamakoshi2004leptin,
  title={Leptin is associated with an increased female colorectal cancer risk: a nested case-control study in Japan.},
  author={Tamakoshi, Koji and Toyoshima, Hideaki and Wakai, Kenji and Kojima, Masayo and Suzuki, Koji and Watanabe, Yoshiyuki and Hayakawa, Norihiko and Yatsuya, Hiroshi and Kondo, Takaaki and Tokudome, Shinkan and others},
  journal={Oncology},
  volume={68},
  number={4-6},
  pages={454--461},
  year={2004}
}


@article{danese2012role,
  title={The role of resistin in colorectal cancer},
  author={Danese, Elisa and Montagnana, Martina and Minicozzi, Anna Maria and Bonafini, Sara and Ruzzenente, Orazio and Gelati, Matteo and De Manzoni, Giovanni and Lippi, Giuseppe and Guidi, Gian Cesare},
  journal={Clinica Chimica Acta},
  volume={413},
  number={7},
  pages={760--764},
  year={2012},
  publisher={Elsevier}
}

@article{berster2008type,
  title={Type 2 diabetes mellitus as risk factor for colorectal cancer},
  author={Berster, Jutta M and G{\"o}ke, Burkhard},
  journal={Archives of physiology and biochemistry},
  volume={114},
  number={1},
  pages={84--98},
  year={2008},
  publisher={Informa UK Ltd UK}
}

@article{komninou2003insulin,
  title={Insulin resistance and its contribution to colon carcinogenesis},
  author={Komninou, Despina and Ayonote, Alexis and Richie, John P and Rigas, Basil},
  journal={Experimental Biology and Medicine},
  volume={228},
  number={4},
  pages={396--405},
  year={2003},
  publisher={SAGE Publications}
}

@article{mesquita2009metabolically,
  title={Metabolically healthy but obese individuals},
  author={Mesquita, Joana and Souto, Selma and Varela, Ana and Freitas, Paula and Matos, Maria Joao and Ferreira, Miguel and Correia, Flora and Braga, Daniel and Carvalho, Davide and Medina, Jose Luis},
  journal={Lancet},
  volume={372},
  number={9646},
  pages={1281--1283},
  year={2008},
  publisher={BioScientifica}
}




@inproceedings{han2000mining,
  title={Mining frequent patterns without candidate generation},
  author={Han, Jiawei and Pei, Jian and Yin, Yiwen},
  booktitle={ACM SIGMOD Record},
  volume={29},
  number={2},
  pages={1--12},
  year={2000},
  organization={ACM}
}

@inproceedings{agrawal1994fast,
  title={Fast algorithms for mining association rules},
  author={Agrawal, Rakesh and Srikant, Ramakrishnan and others},
  booktitle={int. conf. very large data bases, VLDB},
 volume={1215},
  pages={487--499},
  year={1994},
  organization={ACM}
}

@article{luo2013mining,
  title={Mining patterns of adverse events using aggregated clinical trial results},
  author={Luo, Zhihui and Zhang, Guo-Qiang and Xu, Rong},
  journal={AMIA Summits on Translational Science Proceedings},
  volume={2013},
  pages={112},
  year={2013},
  publisher={American Medical Informatics Association}
}

@article{hall2009weka,
  title={The WEKA data mining software: an update},
  author={Hall, Mark and Frank, Eibe and Holmes, Geoffrey and Pfahringer, Bernhard and Reutemann, Peter and Witten, Ian H},
  journal={ACM SIGKDD explorations newsletter},
  volume={11},
  number={1},
  pages={10--18},
  year={2009},
  publisher={ACM}
}

@article{davis2007geoquery,
  title={GEOquery: a bridge between the Gene Expression Omnibus (GEO) and BioConductor},
  author={Davis, Sean and Meltzer, Paul S},
  journal={Bioinformatics},
  volume={23},
  number={14},
  pages={1846--1847},
  year={2007},
  publisher={Oxford Univ Press}
}

@article{nelson2002bone,
  title={Bone mineral density and the subsequent risk of cancer in the NHANES I follow-up cohort},
  author={Nelson, Richard L and Turyk, Mary and Kim, Jane and Persky, Victoria},
  journal={BMC cancer},
  volume={2},
  number={1},
  pages={22},
  year={2002},
  publisher={BioMed Central Ltd}
}

@article{ganry2008bone,
  title={Bone mass density, subsequent risk of colon cancer and survival in postmenopausal women},
  author={Ganry, Olivier and Lapotre-Ledoux, B and Fardellone, P and Dubreuil, A},
  journal={European journal of epidemiology},
  volume={23},
  number={7},
  pages={467--473},
  year={2008},
  publisher={Springer}
}

@article{nock2011higher,
  title={Higher bone mineral density is associated with a decreased risk of colorectal adenomas},
  author={Nock, Nora L and Patrick-Melin, Aimee and Cook, Marc and Thompson, Cheryl and Kirwan, John P and Li, Li},
  journal={International Journal of Cancer},
  volume={129},
  number={4},
  pages={956--964},
  year={2011},
  publisher={Wiley Online Library}
}

@article{zhao2007relationship,
  title={Relationship of obesity with osteoporosis},
  author={Zhao, Lan-Juan and Liu, Yong-Jun and Liu, Peng-Yuan and Hamilton, James and Recker, Robert R and Deng, Hong-Wen},
  journal={The Journal of Clinical Endocrinology \& Metabolism},
  volume={92},
  number={5},
  pages={1640--1646},
  year={2007},
  publisher={Endocrine Society}
}

@article{ashida2005ap,
  title={AP-1 and colorectal cancer},
  author={Ashida, Reiko and Tominaga, Kazunari and Sasaki, Eiji and Watanabe, Toshio and Fujiwara, Yasuhiro and Oshitani, Nobuhide and Higuchi, Kazuhide and Mitsuyama, Shokei and Iwao, Hiroshi and Arakawa, Tetsuo},
  journal={Inflammopharmacology},
  volume={13},
  number={1-3},
  pages={113--125},
  year={2005},
  publisher={Springer}
}

@article{thakali2014maternal,
  title={Maternal pregravid obesity changes gene expression profiles toward greater inflammation and reduced insulin sensitivity in umbilical cord},
  author={Thakali, Keshari M and Saben, Jessica and Faske, Jennifer B and Lindsey, Forrest and Gomez-Acevedo, Horacio and Lowery Jr, Curtis L and Badger, Thomas M and Andres, Aline and Shankar, Kartik},
  journal={Pediatric research},
  volume={76},
  number={2},
  pages={202--210},
  year={2014},
  publisher={Nature Publishing Group}
}

@article{pfannschmidt2009identification,
  title={Identification of immunohistochemical prognostic markers for survival after resection of pulmonary metastases from colorectal carcinoma.},
  author={Pfannschmidt, J and Bade, S and Hoheisel, J and Muley, T and Dienemann, H and Herpel, E},
  journal={The Thoracic and cardiovascular surgeon},
  volume={57},
  number={7},
  pages={403--408},
  year={2009}
}

@article{sabatakos2000overexpression,
  title={Overexpression of $\Delta$FosB transcription factor (s) increases bone formation and inhibits adipogenesis},
  author={Sabatakos, G and Sims, NA and Chen, J and Aoki, K and Kelz, MB and Amling, M and Bouali, Y and Mukhopadhyay, K and Ford, K and Nestler, EJ and others},
  journal={Nature medicine},
  volume={6},
  number={9},
  pages={985--990},
  year={2000},
  publisher={Nature Publishing Group}
}

@article{liberzon2011molecular,
  title={Molecular signatures database (MSigDB) 3.0},
  author={Liberzon, Arthur and Subramanian, Aravind and Pinchback, Reid and Thorvaldsd{\'o}ttir, Helga and Tamayo, Pablo and Mesirov, Jill P},
  journal={Bioinformatics},
  volume={27},
  number={12},
  pages={1739--1740},
  year={2011},
  publisher={Oxford Univ Press}
}

@article{mamtani2012association,
  title={Association of HADHA expression with the risk of breast cancer: targeted subset analysis and meta-analysis of microarray data},
  author={Mamtani, Manju and Kulkarni, Hemant},
  journal={BMC research notes},
  volume={5},
  number={1},
  pages={25},
  year={2012},
  publisher={BioMed Central Ltd}
}

@article{aguirre2000c,
  title={The c-Jun NH2-terminal kinase promotes insulin resistance during association with insulin receptor substrate-1 and phosphorylation of Ser307},
  author={Aguirre, Vincent and Uchida, Tohru and Yenush, Lynne and Davis, Roger and White, Morris F},
  journal={Journal of Biological Chemistry},
  volume={275},
  number={12},
  pages={9047--9054},
  year={2000},
  publisher={ASBMB}
}

@article{vialou2011role,
  title={A role for $\Delta$FosB in calorie restriction-induced metabolic changes},
  author={Vialou, Vincent and Cui, Huxing and Perello, Mario and Mahgoub, Melissa and Hana, G Yu and Rush, Augustus J and Pranav, Heena and Jung, Saendy and Yangisawa, Masashi and Zigman, Jeffrey M and others},
  journal={Biological psychiatry},
  volume={70},
  number={2},
  pages={204--207},
  year={2011},
  publisher={Elsevier}
}

@article{moron2006multilocus,
  title={Multilocus analysis of estrogen-related genes in Spanish postmenopausal women suggests an interactive role of ESR1, ESR2 and NRIP1 genes in the pathogenesis of osteoporosis},
  author={Mor{\'o}n, Francisco Jes{\'u}s and Mendoza, Nicol{\'a}s and V{\'a}zquez, Francisco and Molero, Eva and Quereda, Francisco and Salinas, Ana and Fontes, Juan and Mart{\'\i}nez-Astorquiza, Txant{\'o}n and S{\'a}nchez-Borrego, Rafael and Ruiz, Agust{\'\i}n},
  journal={Bone},
  volume={39},
  number={1},
  pages={213--221},
  year={2006},
  publisher={Elsevier}
}

@article{catalan2009rip140,
  title={RIP140 gene and protein expression levels are downregulated in visceral adipose tissue in human morbid obesity},
  author={Catal{\'a}n, Victoria and G{\'o}mez-Ambrosi, Javier and Lizanzu, Amaia and Rodr{\'\i}guez, Amaia and Silva, Camilo and Rotellar, Fernando and Gil, Mar{\'\i}a J and Cienfuegos, Javier A and Salvador, Javier and Fr{\"u}hbeck, Gema},
  journal={Obesity surgery},
  volume={19},
  number={6},
  pages={771--776},
  year={2009},
  publisher={Springer}
}

@article{howe2001germline,
  title={Germline mutations of the gene encoding bone morphogenetic protein receptor 1A in juvenile polyposis},
  author={Howe, James R and Bair, Jennifer L and Sayed, Mohamed G and Anderson, Mary E and Mitros, Frank A and Petersen, Gloria M and Velculescu, Victor E and Traverso, Giovanni and Vogelstein, Bert},
  journal={Nature genetics},
  volume={28},
  number={2},
  pages={184--187},
  year={2001},
  publisher={Nature Publishing Group}
}

@article{brosens2007risk,
  title={Risk of colorectal cancer in juvenile polyposis},
  author={Brosens, Lodewijk AA and van Hattem, Arnout and Hylind, Linda M and Iacobuzio-Donahue, Christine and Romans, Katharine E and Axilbund, Jennifer and Cruz-Correa, Marcia and Tersmette, Anne C and Offerhaus, G Johan A and Giardiello, Francis M},
  journal={Gut},
  volume={56},
  number={7},
  pages={965--967},
  year={2007},
  publisher={BMJ Publishing Group Ltd and British Society of Gastroenterology}
}

@incollection{bellam2010tgf,
  title={TGF-$\beta$ signaling alterations and colon cancer},
  author={Bellam, Naresh and Pasche, Boris},
  booktitle={Cancer Genetics},
  pages={85--103},
  year={2010},
  publisher={Springer}
}

@article{townsend2012bone,
  title={Bone morphogenetic protein 7 (BMP7) reverses obesity and regulates appetite through a central mTOR pathway},
  author={Townsend, Kristy L and Suzuki, Ryo and Huang, Tian Lian and Jing, Enxuan and Schulz, Tim J and Lee, Kevin and Taniguchi, Cullen M and Espinoza, Daniel O and McDougall, Lindsay E and Zhang, Hongbin and others},
  journal={The FASEB Journal},
  volume={26},
  number={5},
  pages={2187--2196},
  year={2012},
  publisher={FASEB}
}

@article{barzi2013molecular,
  title={Molecular pathways: estrogen pathway in colorectal cancer},
  author={Barzi, Afsaneh and Lenz, Annika Medea and Labonte, Melissa J and Lenz, Heinz-Josef},
  journal={Clinical Cancer Research},
  volume={19},
  number={21},
  pages={5842--5848},
  year={2013},
  publisher={AACR}
}

@article{wang2012r,
  title={An R package suite for microarray meta-analysis in quality control, differentially expressed gene analysis and pathway enrichment detection},
  author={Wang, Xingbin and Kang, Dongwan D and Shen, Kui and Song, Chi and Lu, Shuya and Chang, Lun-Ching and Liao, Serena G and Huo, Zhiguang and Tang, Shaowu and Ding, Ying and others},
  journal={Bioinformatics},
  volume={28},
  number={19},
  pages={2534--2536},
  year={2012},
  publisher={Oxford Univ Press}
}



@article{hardwick2008bone,
  title={Bone morphogenetic protein signalling in colorectal cancer},
  author={Hardwick, James C and Kodach, Liudmila L and Offerhaus, G Johan and Van den Brink, Gijs R},
  journal={Nature Reviews Cancer},
  volume={8},
  number={10},
  pages={806--812},
  year={2008},
  publisher={Nature Publishing Group}
}

@article{chen2012tgf,
  title={TGF-$\beta$ and BMP signaling in osteoblast differentiation and bone formation},
  author={Chen, Guiqian and Deng, Chuxia and Li, Yi-Ping},
  journal={International journal of biological sciences},
  volume={8},
  number={2},
  pages={272},
  year={2012},
  publisher={Ivyspring International Publisher}
}

@article{parker2013glucagon,
  title={Glucagon and GLP-1 inhibit food intake and increase c-fos expression in similar appetite regulating centres in the brainstem and amygdala},
  author={Parker, JA and McCullough, KA and Field, BCT and Minnion, JS and Martin, NM and Ghatei, MA and Bloom, SR},
  journal={International Journal of Obesity},
  volume={37},
  number={10},
  pages={1391--1398},
  year={2013},
  publisher={Nature Publishing Group}
}


@article{okada1994mice,
  title={Mice lacking c-fos have normal hematopoietic stem cells but exhibit altered B-cell differentiation due to an impaired bone marrow environment.},
  author={Okada, Seiji and Wang, Zhao-Qi and Grigoriadis, Agamemnon E and Wagner, Erwin F and von R{\"u}den, T},
  journal={Molecular and cellular biology},
  volume={14},
  number={1},
  pages={382--390},
  year={1994},
  publisher={Am Soc Microbiol}
}

@article{lewinson2003stimulation,
  title={Stimulation of Fos-and Jun-related genes during distraction osteogenesis},
  author={Lewinson, Dina and Rachmiel, Adi and Rihani-Bisharat, Souhir and Kraiem, Zaki and Schenzer, Pesia and Korem, Sigal and Rabinovich, Yaron},
  journal={Journal of Histochemistry \& Cytochemistry},
  volume={51},
  number={9},
  pages={1161--1168},
  year={2003},
  publisher={SAGE Publications}
}

@article{krzeszinski2014mir,
  title={miR-34a blocks osteoporosis and bone metastasis by inhibiting osteoclastogenesis and Tgif2},
  author={Krzeszinski, Jing Y and Wei, Wei and Huynh, HoangDinh and Jin, Zixue and Wang, Xunde and Chang, Tsung-Cheng and Xie, Xian-Jin and He, Lin and Mangala, Lingegowda S and Lopez-Berestein, Gabriel and others},
  journal={Nature},
  volume={512},
  number={7515},
  pages={431--435},
  year={2014},
  publisher={Nature Publishing Group}
}

@article{docquier2010transcriptional,
  title={The transcriptional coregulator RIP140 represses E2F1 activity and discriminates breast cancer subtypes},
  author={Docquier, Aur{\'e}lie and Harmand, Pierre-Olivier and Fritsch, Samuel and Chanrion, Maia and Darbon, Jean-Marie and Cavailles, Vincent},
  journal={Clinical Cancer Research},
  volume={16},
  number={11},
  pages={2959--2970},
  year={2010},
  publisher={AACR}
}



@article{hoehndorf2014mouse,
  title={Mouse model phenotypes provide information about human drug targets},
  author={Hoehndorf, Robert and Hiebert, Tanya and Hardy, Nigel W and Schofield, Paul N and Gkoutos, Georgios V and Dumontier, Michel},
  journal={Bioinformatics},
  volume={30},
  number={5},
  pages={719--725},
  year={2014},
  publisher={Oxford Univ Press}
}
@inproceedings{hoehndorf2012linking,
  title={Linking PharmGKB to phenotype studies and animal models of disease for drug repurposing},
  author={Hoehndorf, Robert and Oellrich, Anika and Rebholz-Schuhmann, Dietrich and Schofield, Paul N and Gkoutos, Georgios V},
  organization={World Scientific}
}

@article{okada2014genetics,
  title={Genetics of rheumatoid arthritis contributes to biology and drug discovery},
  author={Okada, Yukinori and Wu, Di and Trynka, Gosia and Raj, Towfique and Terao, Chikashi and Ikari, Katsunori and Kochi, Yuta and Ohmura, Koichiro and Suzuki, Akari and Yoshida, Shinji and others},
  journal={Nature},
  volume={506},
  number={7488},
  pages={376--381},
  year={2014},
  publisher={Nature Publishing Group}
}


@article{lesage2009parkinson,
  title={Parkinson's disease: from monogenic forms to genetic susceptibility factors},
  author={Lesage, Suzanne and Brice, Alexis},
  journal={Human molecular genetics},
  volume={18},
  number={R1},
  pages={R48--R59},
  year={2009},
  publisher={Oxford Univ Press}
}

@article{lesage2012role,
  title={Role of Mendelian genes in ``sporadic" Parkinson's disease},
  author={Lesage, Suzanne and Brice, Alexis},
  journal={Parkinsonism \& related disorders},
  volume={18},
  pages={S66--S70},
  year={2012},
  publisher={Elsevier}
}

@article{robinson2003widespread,
  title={Widespread functional specialization of Plasmodium falciparum erythrocyte membrane protein 1 family members to bind CD36 analysed across a parasite genome},
  author={Robinson, Bridget A and Welch, Teresa L and Smith, Joseph D},
  journal={Molecular microbiology},
  volume={47},
  number={5},
  pages={1265--1278},
  year={2003},
  publisher={Wiley Online Library}
}

@article{bengtsson2013novel,
  title={A novel domain cassette identifies Plasmodium falciparum PfEMP1 proteins binding ICAM-1 and is a target of cross-reactive, adhesion-inhibitory antibodies},
  author={Bengtsson, Anja and Joergensen, Louise and Rask, Thomas S and Olsen, Rebecca W and Andersen, Marianne A and Turner, Louise and Theander, Thor G and Hviid, Lars and Higgins, Matthew K and Craig, Alister and others},
  journal={The Journal of Immunology},
  volume={190},
  number={1},
  pages={240--249},
  year={2013},
  publisher={Am Assoc Immnol}
}

@article{turner2013severe,
  title={Severe malaria is associated with parasite binding to endothelial protein C receptor},
  author={Turner, Louise and Lavstsen, Thomas and Berger, Sanne S and Wang, Christian W and Petersen, Jens EV and Avril, Marion and Brazier, Andrew J and Freeth, Jim and Jespersen, Jakob S and Nielsen, Morten A and others},
  journal={Nature},
  volume={498},
  number={7455},
  pages={502--505},
  year={2013},
  publisher={Nature Publishing Group}
}



@article{eppig2015mouse,
  title={The Mouse Genome Database (MGD): facilitating mouse as a model for human biology and disease},
  author={Eppig, Janan T and Blake, Judith A and Bult, Carol J and Kadin, James A and Richardson, Joel E and others},
  journal={Nucleic acids research},
  volume={43},
  number={D1},
  pages={D726--D736},
  year={2015},
  publisher={Oxford Univ Press}
}


@article{xu2013large,
  title={Large-scale extraction of accurate drug-disease treatment pairs from biomedical literature for drug repurposing},
  author={Xu, Rong and Wang, QuanQiu},
  journal={BMC bioinformatics},
  volume={14},
  number={1},
  pages={181},
  year={2013},
  publisher={BioMed Central Ltd}
}

@article{xu2013semi,
  title={A semi-supervised approach to extract pharmacogenomics-specific drug--gene pairs from biomedical literature for personalized medicine},
  author={Xu, Rong and Wang, QuanQiu},
  journal={Journal of biomedical informatics},
  volume={46},
  number={4},
  pages={585--593},
  year={2013},
  publisher={Elsevier}
}

@article{barrett2013ncbi,
  title={NCBI GEO: archive for functional genomics data sets—update},
  author={Barrett, Tanya and Wilhite, Stephen E and Ledoux, Pierre and Evangelista, Carlos and Kim, Irene F and Tomashevsky, Maxim and Marshall, Kimberly A and Phillippy, Katherine H and Sherman, Patti M and Holko, Michelle and others},
  journal={Nucleic acids research},
  volume={41},
  number={D1},
  pages={D991--D995},
  year={2013},
  publisher={Oxford Univ Press}
}

@article{chen2014comparative,
  title={Comparative analysis of a novel disease phenotype network based on clinical manifestations},
  author={Chen, Yang and Zhang, Xiang and Zhang, Guo-qiang and Xu, Rong},
  journal={Journal of biomedical informatics},
  year={2014},
  publisher={Elsevier}
}


@article{chen2014malaria,
  title={Network-based Gene Prediction for Plasmodium falciparum Malaria Towards Genetics-based Drug Discovery},
  author={Chen, Yang and Xu, Rong},
  journal={BMC Genomics},
  year={2015},

}


@article{chen2014phenome,
  title={Phenome-driven Disease Genetics Prediction Towards Drug Discovery},
  author={Chen, Yang and Xu, Rong},
  journal={Bioinformatics},
  year={2015},

}
